@book{griffiths2005introduction,
  title = "Introduction to Quantum Mechanics",
  author  = "Griffiths, David J",
  year  = "2005",
  publisher = "Pearson",
}

@book{Koput:2011:PCCP,
  author      = {Jacek Koput},
  title	      = {The ground-state potential energy function of a beryllium dimer
	determined using the single-reference coupled-cluster approach},
  year	      = "2011",
  month	      = "July",
  url	      = {http://www.researchgate.net/profile/Marco_Nascimento/publication/229696100_Ground_state_of_the_beryllium_atom_Reinvestigation_based_on_a_proper_independent_particle_model/links/0c96051d5d671b5eef000000.pdf},
  location    = {online},
}

@book{Kinoshita:1957:PR,
  author      = {Toichiro Kinoshita},
  title	      = {Ground State of the Helium Atom},
  year	      = "1957",
  month	      = "March",
  url	      = {http://journals.aps.org/pr/pdf/10.1103/PhysRev.105.1490},
  location    = {online},
}
