@article {QUA:QUA560090204,
author = {Binkley, J. S. and Pople, J. A.},
title = {Møller–Plesset theory for atomic ground state energies},
journal = {International Journal of Quantum Chemistry},
volume = {9},
number = {2},
publisher = {John Wiley & Sons, Inc.},
issn = {1097-461X},
url = {http://dx.doi.org/10.1002/qua.560090204},
doi = {10.1002/qua.560090204},
pages = {229--236},
year = {1975},
}
